@INPROCEEDINGS{Bellare04hashfunction,
    author = {Mihir Bellare and Tadayoshi Kohno},
    title = {Hash function balance and its impact on birthday attacks},
    booktitle = {Advances in Cryptology – EUROCRYPT ’04, Lecture Notes in Computer Science},
    year = {2004},
    pages = {401--418},
    publisher = {Springer-Verlag}
}